<?xml version="1.0" encoding="UTF-8"?><record xmlns="http://www.loc.gov/MARC21/slim" xmlns:cinclude="http://apache.org/cocoon/include/1.0" xmlns:zs="http://www.loc.gov/zing/srw/">
  <leader>00657cz  a2200157n  4500</leader>
  <controlfield tag="001">n  94112886 </controlfield>
  <controlfield tag="003">DLC</controlfield>
  <controlfield tag="005">20120809083838.0</controlfield>
  <controlfield tag="008">941122n| acannaab           |n aaa      </controlfield>
  <datafield tag="010" ind1=" " ind2=" ">
    <subfield code="a">n  94112886 </subfield>
  </datafield>
  <datafield tag="040" ind1=" " ind2=" ">
    <subfield code="a">DLC</subfield>
    <subfield code="b">eng</subfield>
    <subfield code="c">DLC</subfield>
    <subfield code="d">DLC</subfield>
  </datafield>
  <datafield tag="100" ind1="1" ind2=" ">
    <subfield code="a">Jäger, Bernd,</subfield>
    <subfield code="c">Dr. rer. pol.</subfield>
  </datafield>
  <datafield tag="667" ind1=" " ind2=" ">
    <subfield code="a">THIS 1XX FIELD CANNOT BE USED UNDER RDA UNTIL THIS RECORD HAS BEEN REVIEWED AND/OR UPDATED</subfield>
  </datafield>
  <datafield tag="667" ind1=" " ind2=" ">
    <subfield code="a">Cannot identify with any other Bernd Jäger</subfield>
  </datafield>
  <datafield tag="670" ind1=" " ind2=" ">
    <subfield code="a">Postreform I und II, 1994:</subfield>
    <subfield code="b">t.p. (Bernd Jäger) p. 4 of cover (Dr. rer. pol.; specialist in telecommunications policy)</subfield>
  </datafield>
  <datafield tag="675" ind1=" " ind2=" ">
    <subfield code="a">Kürsch. Gel.-Kal., 1987-92;</subfield>
    <subfield code="a">WW in Ger., 1992;</subfield>
    <subfield code="a">Wer ist wer, 1987/88-93/94</subfield>
  </datafield>
</record>